<record><leader>00000cas a22000007a 4500</leader><controlfield tag="001">10983043</controlfield><controlfield tag="008">840725d18551921ohuwr ne      0   a0eng d</controlfield><controlfield tag="009">3783</controlfield><datafield ind1=" " ind2=" " tag="010"><subfield code="a">sn 84028385 </subfield></datafield><datafield ind1=" " ind2=" " tag="040"><subfield code="a">NPY</subfield><subfield code="b">eng</subfield><subfield code="c">NPY</subfield><subfield code="d">NPX</subfield><subfield code="d">DLC</subfield><subfield code="d">NPU</subfield><subfield code="d">NPA</subfield><subfield code="d">NPV</subfield><subfield code="d">ONP</subfield><subfield code="d">OCL</subfield><subfield code="d">DLC</subfield><subfield code="d">OCLCF</subfield></datafield><datafield ind1=" " ind2=" " tag="012"><subfield code="l">a</subfield></datafield><datafield ind1="0" ind2=" " tag="022"><subfield code="a">2166-5664</subfield><subfield code="2">1</subfield></datafield><datafield ind1="1" ind2=" " tag="029"><subfield code="a">AU@</subfield><subfield code="b">000020232090</subfield></datafield><datafield ind1=" " ind2=" " tag="042"><subfield code="a">msc</subfield><subfield code="a">nsdp</subfield></datafield><datafield ind1=" " ind2=" " tag="043"><subfield code="a">n-us-oh</subfield></datafield><datafield ind1="0" ind2="0" tag="050"><subfield code="a">Newspaper</subfield></datafield><datafield ind1="1" ind2="0" tag="082"><subfield code="a">071</subfield><subfield code="2">14</subfield></datafield><datafield ind1="0" ind2=" " tag="130"><subfield code="a">Western Reserve chronicle (Warren, Ohio : 1855)</subfield></datafield><datafield ind1=" " ind2="0" tag="222"><subfield code="a">Western Reserve chronicle (Warren, Ohio. 1855)</subfield></datafield><datafield ind1="1" ind2="0" tag="245"><subfield code="a">Western Reserve chronicle.</subfield></datafield><datafield ind1="0" ind2="3" tag="246"><subfield code="a">W. R. chronicle</subfield></datafield><datafield ind1="1" ind2="0" tag="246"><subfield code="a">Semi-weekly Western Reserve chronicle</subfield></datafield><datafield ind1=" " ind2=" " tag="260"><subfield code="a">Warren, Ohio :</subfield><subfield code="b">Hapgood &amp; Adams,</subfield><subfield code="c">1855-</subfield></datafield><datafield ind1=" " ind2=" " tag="300"><subfield code="a">v.</subfield></datafield><datafield ind1=" " ind2=" " tag="310"><subfield code="a">Weekly,</subfield><subfield code="b">Nov. 16, 1864-July 1921</subfield></datafield><datafield ind1=" " ind2=" " tag="321"><subfield code="a">Frequency varies,</subfield><subfield code="b">Apr. 25, 1855-Nov. 9, 1864</subfield></datafield><datafield ind1="0" ind2=" " tag="362"><subfield code="a">Vol. 39, no. 36 (Apr. 25, 1855)-</subfield></datafield><datafield ind1="1" ind2=" " tag="362"><subfield code="a">Ceased in July, 1921?</subfield></datafield><datafield ind1=" " ind2=" " tag="500"><subfield code="a">Published as: Semi-weekly Western Reserve chronicle, May 14-July 12, 1861 and Nov. 5-9, 1864.</subfield></datafield><datafield ind1=" " ind2=" " tag="530"><subfield code="a">Archived issues are available in digital format as part of the Library of Congress Chronicling America online collection.</subfield></datafield><datafield ind1=" " ind2=" " tag="580"><subfield code="a">Daily eds.: Daily chronicle (Warren, Ohio), 1868; Warren daily chronicle, 1883-1921.</subfield></datafield><datafield ind1=" " ind2="0" tag="651"><subfield code="a">Warren (Ohio)</subfield><subfield code="v">Newspapers.</subfield></datafield><datafield ind1=" " ind2="0" tag="651"><subfield code="a">Trumbull County (Ohio)</subfield><subfield code="v">Newspapers.</subfield></datafield><datafield ind1=" " ind2="7" tag="655"><subfield code="a">Newspapers.</subfield><subfield code="2">fast</subfield><subfield code="0">(OCoLC)fst01423814</subfield></datafield><datafield ind1=" " ind2="7" tag="651"><subfield code="a">Ohio</subfield><subfield code="z">Trumbull County.</subfield><subfield code="2">fast</subfield><subfield code="0">(OCoLC)fst01219877</subfield></datafield><datafield ind1=" " ind2="7" tag="651"><subfield code="a">Ohio</subfield><subfield code="z">Warren.</subfield><subfield code="2">fast</subfield><subfield code="0">(OCoLC)fst01213681</subfield></datafield><datafield ind1=" " ind2=" " tag="752"><subfield code="a">United States</subfield><subfield code="b">Ohio</subfield><subfield code="c">Trumbull</subfield><subfield code="d">Warren.</subfield></datafield><datafield ind1="1" ind2=" " tag="775"><subfield code="t">Daily chronicle (Warren, Ohio)</subfield><subfield code="w">(DLC)sn 84028402</subfield><subfield code="w">(OCoLC)10987611</subfield></datafield><datafield ind1="1" ind2=" " tag="775"><subfield code="t">Warren daily chronicle</subfield><subfield code="w">(DLC)sn 84028387</subfield><subfield code="w">(OCoLC)10983143</subfield></datafield><datafield ind1="0" ind2="0" tag="780"><subfield code="t">Western Reserve chronicle and weekly transcript of the times</subfield><subfield code="x">2166-5621</subfield><subfield code="w">(DLC)sn 84028384</subfield><subfield code="w">(OCoLC)10981862</subfield></datafield><datafield ind1="0" ind2="5" tag="780"><subfield code="t">Trumbull Democrat (Warren, Ohio : 1841)</subfield><subfield code="g">1862</subfield><subfield code="w">(DLC)sn 84028386</subfield><subfield code="w">(OCoLC)10983119</subfield></datafield><datafield ind1="4" ind2="1" tag="856"><subfield code="u">http://www.loc.gov/chroniclingamerica/lccn/sn84028385/issues</subfield></datafield></record>